@article{Santos2017stepwise,
	Title = {Stepwise API usage assistance using n-gram language models},
	Author = {Santos, Andr{\'e} L and Prendi, Gon{\c{c}}alo and Sousa, Hugo and Ribeiro, Ricardo},
	Journal = {Journal of Systems and Software},
	Volume = {131},
	Pages = {461--474},
	Year = {2017},
	Publisher = {Elsevier}}

@misc{Kave,
  Title = {{KaVE Project}},
  Howpublished = {\url{http://www.kave.cc/}},
  Note = {Accessed: 2018-05-31}}

@misc{Branching,
	Title = {A successful Git branching model},
	Author= {Vincent Driessen},
	Howpublished= {\url{https://nvie.com/posts/a-successful-git-branching-model/}},
	Note = {Accessed: 2018-06-01}}
